<record><leader>00000cas a22000007a 4500</leader><controlfield tag="001">13446006</controlfield><controlfield tag="008">860417d18uu1895pauir ne      0    0eng d</controlfield><datafield ind1=" " ind2=" " tag="010"><subfield code="a">sn 86081651 </subfield></datafield><datafield ind1=" " ind2=" " tag="040"><subfield code="a">NPH</subfield><subfield code="b">eng</subfield><subfield code="c">NPH</subfield><subfield code="d">OCLCQ</subfield></datafield><datafield ind1=" " ind2=" " tag="042"><subfield code="a">msc</subfield></datafield><datafield ind1="0" ind2="4" tag="245"><subfield code="a">The Tri-weekly record.</subfield></datafield><datafield ind1=" " ind2=" " tag="260"><subfield code="a">Mahanoy City, Pa. :</subfield><subfield code="b">J. Parker</subfield></datafield><datafield ind1=" " ind2=" " tag="300"><subfield code="a">v.</subfield></datafield><datafield ind1=" " ind2=" " tag="310"><subfield code="a">Triweekly</subfield></datafield><datafield ind1="1" ind2=" " tag="362"><subfield code="a">Ceased in 1895.</subfield><subfield code="z">Cf. Rossell, G.E., Pa. newspapers, 1978.</subfield></datafield><datafield ind1=" " ind2=" " tag="588"><subfield code="a">Description based on: Vol. 15, no. 42 (Apr. 2, 1891).</subfield></datafield><datafield ind1=" " ind2=" " tag="752"><subfield code="a">United States</subfield><subfield code="b">Pennsylvania</subfield><subfield code="c">Schuylkill</subfield><subfield code="d">Mahanoy City.</subfield></datafield><datafield ind1="0" ind2="0" tag="780"><subfield code="t">Parker's tri-weekly record</subfield><subfield code="w">(DLC)sn 89077747</subfield></datafield></record>